@BOOK{WHO_report,
	author = "WHO",
	title = "World malaria report 2018",
	year = "2018",
	pages = "166 p.",
	publisher = "World Health Organization",
	type = "Publications"
}

@article{historical_review,
  title="Historical review of malarial control in southern African with emphasis on the use of indoor residual house-spraying.",
  author="Mabaso ML, Sharp B, Lengeler C",
  journal="Trop Med Int Health.",
  volume="9(8)",
  pages="846-856",
  year="2004"
}

@article{griffin,
  title="Potential for reduction of burden and local elimination of malaria by reducing Plasmodium falciparum malaria transmission: a mathematical modelling study.",
  author="Griffin, JT",
  journal="Lancet Infect Dis.",
  volume="16(4)",
  pages="465-472",
  year="2016"
}


@article{burt,
   Author="Burt, A",
   Title="Site-specific selfish genes as tools for the control and genetic engineering of natural populations",
   Journal="Proc. Biol. Sci.",
   Year="2003",
   Volume="270",
   Number="1518",
   Pages="921--928",
   Month="May"
}


@Article{Waples1989,
   Author="Waples, R. S. ",
   Title="{{A} generalized approach for estimating effective population size from temporal changes in allele frequency}",
   Journal="Genetics",
   Year="1989",
   Volume="121",
   Number="2",
   Pages="379--391",
   Month="Feb"
}

@article{hill_1981,
  title={Estimation of effective population size from data on linkage disequilibrium},
  volume={38},
  DOI={10.1017/S0016672300020553},
  number={3},
  journal={Genetical Research},
  publisher={Cambridge University Press},
  author={Hill, William G.},
  year={1981},
  pages={209–216}
}

% 29186111 
@Article{ag1000nature,
   Author={Miles, A.  and Harding, N. J.  and Bott?, G.  and Clarkson, C. S.  and Ant?o, T.  and Kozak, K.  and Schrider, D. R.  and Kern, A. D.  and Redmond, S.  and Sharakhov, I.  and Pearson, R. D.  and Bergey, C.  and Fontaine, M. C.  and Donnelly, M. J.  and Lawniczak, M. K. N.  and Kwiatkowski, D. P.  and Donnelly, M. J.  and Ayala, D.  and Besansky, N. J.  and Burt, A.  and Caputo, B.  and Della Torre, A.  and Fontaine, M. C.  and Godfray, H. C. J.  and Hahn, M. W.  and Kern, A. D.  and Kwiatkowski, D. P.  and Lawniczak, M. K. N.  and Midega, J.  and Neafsey, D. E.  and O'Loughlin, S.  and Pinto, J.  and Riehle, M. M.  and Sharakhov, I.  and Vernick, K. D.  and Weetman, D.  and Wilding, C. S.  and White, B. J.  and Troco, A. D.  and Pinto, J.  and Diabat, A.  and O'Loughlin, S.  and Burt, A.  and Costantini, C.  and Rohatgi, K. R.  and Besansky, N. J.  and Elissa, N.  and Pinto, J.  and Coulibaly, B.  and Riehle, M. M.  and Vernick, K. D.  and Pinto, J.  and Dinis, J.  and Midega, J.  and Mbogo, C.  and Bejon, P.  and Wilding, C. S.  and Weetman, D.  and Mawejje, H. D.  and Donnelly, M. J.  and Weetman, D.  and Wilding, C. S.  and Donnelly, M. J.  and Stalker, J.  and Rockett, K.  and Drury, E.  and Mead, D.  and Jeffreys, A.  and Hubbart, C.  and Rowlands, K.  and Isaacs, A. T.  and Jyothi, D.  and Malangone, C.  and Vauterin, P.  and Jeffery, B.  and Wright, I.  and Hart, L.  and Kluczy?ski, K.  and Cornelius, V.  and MacInnis, B.  and Henrichs, C.  and Giacomantonio, R.  and Kwiatkowski, D. P.  and Cornelius, V.  and MacInnis, B.  and Henrichs, C.  and Giacomantonio, R.  and Kwiatkowski, D. P. },
   Title="{{G}enetic diversity of the {A}frican malaria vector {A}nopheles gambiae}",
   Journal="Nature",
   Year="2017",
   Volume="552",
   Number="7683",
   Pages="96--100",
   Month="12"
}


@Article{wang,
   Author={Wang, J.  and Whitlock, M. C. },
   Title="{{E}stimating effective population size and migration rates from genetic samples over space and time}",
   Journal="Genetics",
   Year="2003",
   Volume="163",
   Number="1",
   Pages="429--446",
   Month="Jan"
}

% 21840864 
@Article{waples2011,
   Author={Waples, R. S.  and England, P. R. },
   Title="{{E}stimating contemporary effective population size on the basis of linkage disequilibrium in the face of migration}",
   Journal="Genetics",
   Year="2011",
   Volume="189",
   Number="2",
   Pages="633--644",
   Month="Oct"
}

@Inbook{msprime,
author={Kelleher, J and Lohse, K},
title="Coalescent Simulation with msprime",
bookTitle="Statistical Population Genomics",
year="2020",
publisher="Springer US",
address="New York, NY",
pages="191--230",
isbn="978-1-0716-0199-0",
doi="10.1007/978-1-0716-0199-0_9",
url="https://doi.org/10.1007/978-1-0716-0199-0_9"
}


@Article{abc,
   Author={Sunnåker, M and Busetto, AG and Numminen, E and Corander, J and Foll, M and Dessimoz, C},
   Title="Approximate Bayesian Computation.",
   Journal="PLoS Comput Biol",
   Year="2013",
   Volume="9",
   Number="1",
}

@article {ag1000preprint,
	author = {Clarkson, Chris S and Miles, Alistair and Harding, Nicholas J and Lucas, Eric R and Battey, C J and Amaya-Romero, Jorge Edouardo and Cano, Jorge and Diabate, Abdoulaye and Constant, Edi and Nwakanma, Davis C and Jawara, Musa and Essandoh, John and Dinis, Joao and Le Goff, Gilbert and Robert, Vincent and Troco, Arlete D and Costantini, Carlo and Rohatgi, Kyanne R and Elissa, Nohal and Coulibaly, Boubacar and Midega, Janet and Mbogo, Charles and Mawejje, Henry D and Stalker, Jim and Rockett, Kirk A and Drury, Eleanor and Mead, Daniel and Jeffreys, Anna E and Hubbart, Christina and Rowlands, Kate and Isaacs, Alison T and Jyothi, Dushyanth and Malangone, Cinzia and Kamali, Maryam and Henrichs, Christa and Simpson, Victoria and Ayala, Diego and Besansky, Nora J and Burt, Austin and Caputo, Beniamino and della Torre, Alessandra and Fontaine, Michael and Godfray, H. Charles J and Hahn, Matthew W and Kern, Andrew D and Lawniczak, Mara K N and O{\textquoteright}Loughlin, Samantha and Pinto, Joao and Riehle, Michelle M and Sharakhov, Igor and Schrider, Daniel R and Vernick, Kenneth D and White, Bradley J and Donnelly, Martin J and Kwiatkowski, Dominic P},
	title = {Genome variation and population structure among 1,142 mosquitoes of the {A}frican malaria vector species {A}nopheles gambiae and {A}nopheles coluzzii},
	elocation-id = {864314},
	year = {2020},
	doi = {10.1101/864314},
	publisher = {Cold Spring Harbor Laboratory},
	URL = {https://www.biorxiv.org/content/early/2020/02/19/864314},
	eprint = {https://www.biorxiv.org/content/early/2020/02/19/864314.full.pdf},
	journal = {bioRxiv}
}


@article{Hui,
author = {Hui, T-YJ and Burt, A},
doi = {10.1534/genetics.115.174904},
journal = {Genetics},
pages = {285--293},
title = {Estimating effective population size from temporally spaced samples with a novel, efficient maximum-likelihood algorithm},
url = {http://dx.doi.org/10.1534/genetics.115.174904},
volume = {200},
year = {2015}
}


@article{msprimearticle,
author = {Kelleher, Jerome AND Etheridge, Alison M AND McVean, Gilean},
journal = {PLoS Comput Biol},
title = {Efficient Coalescent Simulation and Genealogical Analysis for Large Sample Sizes},
year = {2016},
month = {05},
volume = {12},
url = {http://dx.doi.org/10.1371%2Fjournal.pcbi.1004842},
pages = {1-22},
number = {5},
doi = {10.1371/journal.pcbi.1004842}
}